% Exemplos de referências podem ser encontrados em: https://verbosus.com/bibtex-style-examples.html

@manual{B0082OP29K:2009,
  address      = {EUA},
  month        = {out.},
  organization = { Automotive{ }Industry{ }Action{ }Group - AIAG},
  title        = {B0082OP29K},
  subtitle     = {Advanced Product Quality Planning and Control Plan},
  year         = {2008}
}

@article{Lei:10.973:2004,
  author       = {Brasil},
  title        = {LEI Nº 10.973 DE 02 DE DEZEMBRO DE 2004},
  nota         = {Dispõe sobre incentivos à inovação e à pesqui-
                  sa científica e tecnológica no ambiente produtivo e dá outras providências.},
  journal      = {Diário Oficial [da] República Federativa do Brasil},
  year         = {2004},
  date         = {2004-12-02},
  organization = {Brasil},
  url          = {https://legislacao.presidencia.gov.br/atos/?tipo=LEI&numero=10973&ano=2004&ato=884UTRE5UeRpWT79e},
  urldate      = {2023-11-24},
  address      = {Brasília, DF},
  shorttitle   = {Lei nº 12.651/2012},
  timestamp    = {2023-11-24}
}


@book{rogers2013design,
  title     = {Design de intera{\c{c}}{\~a}o},
  author    = {Rogers, Yvonne and Sharp, Helen and Preece, Jennifer},
  year      = {2013},
  publisher = {Bookman Editora}
}

@book{barbosa2010interaccao,
  title     = {Intera{\c{c}}{\~a}o humano-computador},
  author    = {Barbosa, Simone and Silva, Bruno},
  year      = {2010},
  publisher = {Elsevier Brasil}
}

@book{betiol2010ergonomia,
  title   = {Ergonomia e usabilidade},
  author  = {Betiol, Adriana Holtz and Faust, Richard},
  journal = {S{\~a}o Paulo: Novatec},
  year    = {2010}
}

@misc{iso20199241,
  title  = {9241-11: 2018 (en). Ergonomics of human-system interaction-Part 11: Usability: Definitions and concepts, 2018},
  author = {ISO, ISO},
  year   = {2019}
}

@book{henriques2022ux,
  title     = {UX Research com sotaque brasileiro: ou sobre como fazer pesquisas com usu{\'a}rios no Brasil sem apegos acad{\^e}micos ou erros do mercado},
  author    = {Henriques, Cec{\'\i}lia and Pilar, Denise and Ign{\'a}cio, Elizete},
  year      = {2022},
  publisher = {Casa do C{\'o}digo}
}

@book{yablonski2020leis,
  title     = {Leis da Psicologia Aplicadas a UX: Usando psicologia para projetar produtos e servi{\c{c}}os melhores},
  author    = {Yablonski, Jon},
  year      = {2020},
  publisher = {Novatec Editora}
}

@book{nielsen2007usabilidade,
  title     = {Usabilidade na web},
  author    = {Nielsen, Jakob},
  year      = {2007},
  publisher = {Elsevier Brasil}
}

@book{norman2006design,
  title     = {O design do dia-a-dia},
  author    = {Norman, Donald A},
  year      = {2006},
  publisher = {Rocco Rio de Janeiro}
}

@article{nielsen2016nielsen,
  title   = {Nielsen norman group},
  author  = {Nielsen, Jakob},
  journal = {Internet: https://www. nngroup. com},
  volume  = {24},
  year    = {2016}
}

@book{norman2008design,
  title     = {Design emocional: por que adoramos (ou detestamos) os objetos do dia-a-dia},
  author    = {Norman, Donald A},
  year      = {2008},
  publisher = {Rocco}
}

@inproceedings{kurosu1995apparent,
  title     = {Apparent usability vs. inherent usability: experimental analysis on the determinants of the apparent usability},
  author    = {Kurosu, Masaaki and Kashimura, Kaori},
  booktitle = {Conference companion on Human factors in computing systems},
  pages     = {292--293},
  year      = {1995}
}

@article{BenchmarkingUX,
  author       = {Kate Moran},
  title        = {Benchmarking UX: Tracking Metrics},
  date         = {2020-05-03},
  organization = {Nielsen Norman Group},
  url          = {https://www.nngroup.com/articles/benchmarking-ux/},
  timestamp    = {2023-11-24}
}

@article{barbosa2021interaccao,
  title   = {Intera{\c{c}}{\~a}o humano-computador e experi{\^e}ncia do usuario},
  author  = {Barbosa, Simone Diniz Junqueira and Silva, BS da and Silveira, Milene Selbach and Gasparini, Isabela and Darin, Ticianne and Barbosa, Gabriel Diniz Junqueira},
  journal = {Auto publica{\c{c}}{\~a}o},
  year    = {2021}
}

@book{machado2018analise,
  title     = {An{\'a}lise e Gest{\~a}o de Requisitos de Software Onde nascem os sistemas},
  author    = {Machado, Felipe Nery Rodrigues},
  year      = {2018},
  publisher = {Saraiva Educa{\c{c}}{\~a}o SA}
}

@misc{renzi2018experiencia,
  title     = {Experi{\^e}ncia do usu{\'a}rio pervasiva no planejamento de viagens: mapeando modelo mental e criando personas},
  author    = {Renzi, Adriano Bernardo and Muniz, Jo{\~a}o Vitor Ac{\'a}cio and Fi{\'u}za, F},
  year      = {2018},
  publisher = {SPGD}
}

@book{nielsen1994usability,
  title     = {Usability engineering},
  author    = {Nielsen, Jakob},
  year      = {1994},
  publisher = {Morgan Kaufmann}
}


@article{polson1992cognitive,
  title     = {Cognitive walkthroughs: a method for theory-based evaluation of user interfaces},
  author    = {Polson, Peter G and Lewis, Clayton and Rieman, John and Wharton, Cathleen},
  journal   = {International Journal of man-machine studies},
  volume    = {36},
  number    = {5},
  pages     = {741--773},
  year      = {1992},
  publisher = {Elsevier}
}


@misc{Teamcenter,
  author = {Teamcenter},
  title  = {Teamcenter Overview},
  month  = {Dezembro},
  year   = {2023},
  url    = {https://www3.technologyevaluation.com/solutions/16678/teamcenter}
}

@misc{Qualtrax,
  author = {Qualtrax},
  title  = {Qualtrax Overview},
  month  = {Dezembro},
  year   = {2023},
  url    = {https://valor-software.com/projects/qualtrax}
}

@misc{QualityManager,
  author = {Quality Manager},
  title  = {Quality Manager Overview},
  month  = {Dezembro},
  year   = {2023},
  url    = {https://qualitymanager.com.br/home}
}

@misc{Quasar,
  author = {Quasar},
  title  = {Quasar},
  month  = {Dezembro},
  year   = {2023},
  url    = {https://quasar.dev/}
}

@misc{apqp,
  author = {APQP},
  title  = {APQP},
  month  = {Dezembro},
  year   = {2023},
  url    = {hhttps://apqp.com.br/home}
}

